
@article{Barthelemy2008Modeling,
    title     = {Modeling urban street patterns},
    author    = {Barth{\'e}lemy, Marc and Flammini, Alessandro},
    journal   = {Physical review letters},
    volume    = {100},
    number    = {13},
    pages     = {138702},
    year      = {2008},
    publisher = {APS}
}
@article{Barthelemy2013Evolution,
    author     = {Barthelemy, Marc and Bordin, Patricia and Berestycki, Henri and Gribaudi, Maurizio},
    doi        = {10.1038/srep02153},
    isbn       = {2045-2322},
    issn       = {20452322},
    journal    = {Scientific Reports},
    number     = {1},
    pages      = {2153},
    title      = {{Self-organization versus top-down planning in the evolution of a city}},
    url        = {http://www.nature.com/articles/srep02153},
    volume     = {3},
    year       = {2013},
    bdsk-url-1 = {http://www.nature.com/articles/srep02153},
    bdsk-url-2 = {https://doi.org/10.1038/srep02153}
}
@article{Blomquist1988New,
    title     = {New estimates of quality of life in urban areas},
    author    = {Blomquist, Glenn C and Berger, Mark C and Hoehn, John P},
    journal   = {The American Economic Review},
    pages     = {89--107},
    year      = {1988},
    publisher = {JSTOR}
}
@incollection{Boeing2019Morphology,
    title     = {The morphology and circuity of walkable and drivable street networks},
    author    = {Boeing, Geoff},
    booktitle = {The mathematics of urban morphology},
    pages     = {271--287},
    year      = {2019},
    publisher = {Springer}
}
@article{Brueckner1999Central,
    title     = {Why is central Paris rich and downtown Detroit poor?: An amenity-based theory},
    author    = {Brueckner, Jan K and Thisse, Jacques-Francois and Zenou, Yves},
    journal   = {European economic review},
    volume    = {43},
    number    = {1},
    pages     = {91--107},
    year      = {1999},
    publisher = {Elsevier}
}
@article{Campbell1996Green,
    title     = {Green cities, growing cities, just cities?: Urban planning and the contradictions of sustainable development},
    author    = {Campbell, Scott},
    journal   = {Journal of the American Planning Association},
    volume    = {62},
    number    = {3},
    pages     = {296--312},
    year      = {1996},
    publisher = {Taylor \& Francis}
}
@article{Carr2010Walk,
    title     = {Walk scoreâ„¢ as a global estimate of neighborhood walkability},
    author    = {Carr, Lucas J and Dunsiger, Shira I and Marcus, Bess H},
    journal   = {American journal of preventive medicine},
    volume    = {39},
    number    = {5},
    pages     = {460--463},
    year      = {2010},
    publisher = {Elsevier}
}
@article{carstensen2015spatio,
    author        = {Carstensen, Trine Agervig and Olafsson, Anton Stahl and Bech, Nynne Marie and Poulsen, Thea Schmidt and Zhao, Chunli},
    date-added    = {2020-02-24 13:54:59 +0100},
    date-modified = {2020-02-24 13:54:59 +0100},
    journal       = {Geografisk Tidsskrift-Danish Journal of Geography},
    number        = {2},
    pages         = {142--156},
    publisher     = {Taylor \& Francis},
    title         = {The spatio-temporal development of Copenhagen's bicycle infrastructure 1912--2013},
    volume        = {115},
    year          = {2015}
}
@article{Cassiers2012Socio,
    title     = {Socio-spatial inequalities and social cohesion in European cities},
    author    = {Cassiers, Tim and Kesteloot, Christian},
    journal   = {Urban Studies},
    volume    = {49},
    number    = {9},
    pages     = {1909--1924},
    year      = {2012},
    publisher = {SAGE Publications Sage UK: London, England}
}
@manual{Childs2018Planning,
    title  = {A Case for Data-Driven City Planning},
    author = {Childs, Star},
    year   = {2018 (accessed June 3, 2019)},
    url    = {https://medium.com/citiesense/a-case-for-data-driven-city-planning-8cd7d9332a}
}
@article{Deritei2014Community,
    title     = {Community detection by graph Voronoi diagrams},
    author    = {Deritei, David and Lazar, Zsolt I and Papp, Istvan and Jarai-Szabo, Ferenc and Sumi, Robert and Varga, Levente and Regan, Erzsebet Ravasz and Ercsey-Ravasz, Maria},
    journal   = {New Journal of Physics},
    volume    = {16},
    number    = {6},
    pages     = {063007},
    year      = {2014},
    publisher = {IOP Publishing}
}
@book{Dittmar2012New,
    title     = {The new transit town: Best practices in transit-oriented development},
    author    = {Dittmar, Hank and Ohland, Gloria},
    year      = {2012},
    publisher = {Island Press}
}
@article{Erwig2000Graph,
    title     = {The graph Voronoi diagram with applications},
    author    = {Erwig, Martin},
    journal   = {Networks: An International Journal},
    volume    = {36},
    number    = {3},
    pages     = {156--163},
    year      = {2000},
    publisher = {Wiley Online Library}
}
@manual{Fitzgerald2016Data,
    title  = {Data-Driven City Management},
    author = {Fitzgerald, Michael},
    year   = {2016 (accesed June 3, 2019},
    url    = {https://sloanreview.mit.edu/case-study/data-driven-city-management/}
}
@article{Frank2006Many,
    title     = {Many pathways from land use to health: associations between neighborhood walkability and active transportation, body mass index, and air quality},
    author    = {Frank, Lawrence D and Sallis, James F and Conway, Terry L and Chapman, James E and Saelens, Brian E and Bachman, William},
    journal   = {Journal of the American planning Association},
    volume    = {72},
    number    = {1},
    pages     = {75--87},
    year      = {2006},
    publisher = {Taylor \& Francis}
}
@article{Garcia2004Cultural,
    title     = {Cultural policy and urban regeneration in Western European cities: lessons from experience, prospects for the future},
    author    = {Garcia, Beatriz},
    journal   = {Local economy},
    volume    = {19},
    number    = {4},
    pages     = {312--326},
    year      = {2004},
    publisher = {SAGE Publications Sage UK: London, England}
}
@article{Gavrilidis2016Urban,
    title     = {Urban landscape quality index--planning tool for evaluating urban landscapes and improving the quality of life},
    author    = {Gavrilidis, Athanasios Alexandru and Cioc{\u{a}}nea, Cristiana Maria and Ni{\c{t}}{\u{a}}, Mihai R{\u{a}}zvan and Onose, Diana Andreea and N{\u{a}}stase, Irina Iulia},
    journal   = {Procedia Environmental Sciences},
    volume    = {32},
    pages     = {155--167},
    year      = {2016},
    publisher = {Elsevier}
}
@article{Gobillon2007Mechanisms,
    title     = {The mechanisms of spatial mismatch},
    author    = {Gobillon, Laurent and Selod, Harris and Zenou, Yves},
    journal   = {Urban studies},
    volume    = {44},
    number    = {12},
    pages     = {2401--2427},
    year      = {2007},
    publisher = {Sage Publications Sage UK: London, England}
}
@article{Gossling2016Space,
author     = {G{\"{o}}ssling, Stefan and Schr{\"{o}}der, Marcel and Sp{\"{a}}th, Philipp and Freytag, Tim},
doi        = {10.1080/01441647.2016.1147101},
issn       = {14645327},
journal    = {Transport Reviews},
number     = {5},
pages      = {659--679},
publisher  = {Routledge},
title      = {{Urban Space Distribution and Sustainable Transport}},
url        = {http://www.tandfonline.com/doi/full/10.1080/ 01441647.2016.1147101},
volume     = {36},
year       = {2016},
bdsk-url-1 = {http://www.tandfonline.com/doi/full/10.1080/%2001441647.2016.1147101},
bdsk-url-2 = {https://doi.org/10.1080/01441647.2016.1147101}
}
@article{Gossling2019Social,
    author        = {G{\"o}ssling, Stefan and Choi, Andy and Dekker, Kaely and Metzler, Daniel},
    date-added    = {2020-02-24 13:02:52 +0100},
    date-modified = {2020-02-24 13:02:52 +0100},
    journal       = {Ecological economics},
    pages         = {65--74},
    publisher     = {Elsevier},
    title         = {The social cost of automobility, cycling and walking in the European Union},
    volume        = {158},
    year          = {2019}
}
@article{Gossling2020Cities,
    author        = {G{\"o}ssling, Stefan},
    date-added    = {2020-02-24 13:09:45 +0100},
    date-modified = {2020-02-24 13:09:45 +0100},
    journal       = {Journal of Urban Design},
    pages         = {1--6},
    publisher     = {Taylor \& Francis},
    title         = {Why cities need to take road space from cars-and how this could be done},
    year          = {2020}
}
@article{Hajrasouliha2015Impact,
    title     = {The impact of street network connectivity on pedestrian volume},
    author    = {Hajrasouliha, Amir and Yin, Li},
    journal   = {Urban Studies},
    volume    = {52},
    number    = {13},
    pages     = {2483--2497},
    year      = {2015},
    publisher = {Sage Publications Sage UK: London, England}
}
@inproceedings{Heylen2006Liveability,
    title     = {Liveability in social housing: three case studies in Flanders},
    author    = {Heylen, Kristof},
    booktitle = {ENHR Conference'Housing in an Expanding Europe: Theory, Policy, Implementation and Participation', Date: 2006/07/02-2006/07/05, Location: Ljubljana (Slovenia)},
    year      = {2006}
}
@book{Hohenberg1996Urban,
    author    = {Hohenberg, Paul M., and Lynn Hollen Lees},
    title     = {The Making of Urban Europe: 1000-1994},
    publisher = {Harvard University Press},
    year      = {1996}
}
@manual{HU2016Population,
    title = {Hungarian population data},
    year  = {2016},
    url   = {https://www.ksh.hu/mikrocenzus2016/}
}
@manual{HU2019Districts,
    title = {Budapest districts},
    url   = {https://data2.openstreetmap.hu/hatarok/index.php?admin=9}
}
@manual{HU2019Police,
    title  = {Bunugyi statisztikak},
    author = {Hungarian Police},
    url    = {http://www.police.hu/a-rendorsegrol/statisztikak/bunugyi-statisztikak},
    note   = {\textit{Data available at request}}
}
@manual{HU2019Pollution,
    title  = {National Air Pollution Measurement Network,},
    author = {Automatic Measurment Network},
    url    = {http://levegominoseg.hu/manualis-merohalozat},
    note   = {\textit{Data available at request}}
}
@manual{HU2019RealEstate,
    title  = {Budapest Real Estate Statistic},
    author = {ingatlannet},
    url    = {https://www.ingatlannet.hu/statisztika/Budapest}
}
@article{Jabareen2013Planning,
    title     = {Planning the resilient city: Concepts and strategies for coping with climate change and environmental risk},
    author    = {Jabareen, Yosef},
    journal   = {Cities},
    volume    = {31},
    pages     = {220--229},
    year      = {2013},
    publisher = {Elsevier}
}
@book{Jacobs1961Death,
    address   = {New York, New York, USA},
    author    = {Jacobs, Jane},
    isbn      = {9780394421599},
    pages     = {458},
    publisher = {Random House},
    title     = {{The death and life of great American cities}},
    year      = {1961}
}
@article{Kahneman2006Developments,
    title   = {Developments in the measurement of subjective well-being},
    author  = {Kahneman, Daniel and Krueger, Alan B},
    journal = {Journal of Economic perspectives},
    volume  = {20},
    number  = {1},
    pages   = {3--24},
    year    = {2006}
}
@manual{Kaushik2017Planning,
    title  = {How Technology Empowers Data-Driven Urban Planning},
    author = {Kaushik, Vignesh},
    year   = {2017 (accesed June 3, 2019},
    url    = {https://www.getrevue.co/profile/TGIC/issues/how-technology-empowers-data-driven-urban-planning-59814}
}
@misc{Kover2006Magyarorszag,
title     = {Magyarorsz{\'a}g t{\'a}rsadalomt{\"o}rt{\'e}nete a reformkort{\'o}l a m{\'a}sodik vil{\'a}gh{\'a}bor{\'u}ig},
author    = {K{\"o}v{\'e}r, Gy{\"o}rgy and Gy{\'a}ni, G{\'a}bor},
year      = {1998},
publisher = {Osiris},
location  = {Budapest}
}
@phdthesis{Krambeck2006Global,
    title  = {The global walkability index},
    author = {Krambeck, Holly Virginia},
    year   = {2006},
    school = {Massachusetts Institute of Technology}
}
@article{Lora2011New,
    title     = {A new way of monitoring the quality of urban life},
    author    = {Lora, Eduardo A and Powell, Andrew},
    year      = {2011},
    publisher = {IDB Working Paper No. IDB-WP-272}
}
@article{Louf2014Typology,
    title     = {A typology of street patterns},
    author    = {Louf, R{\'e}mi and Barthelemy, Marc},
    journal   = {Journal of The Royal Society Interface},
    volume    = {11},
    number    = {101},
    pages     = {20140924},
    year      = {2014},
    publisher = {The Royal Society}
}
@article{Porta2006Primal,
    author     = {Porta, Sergio and Crucitti, Paolo and Latora, Vito},
    doi        = {10.1068/b32045},
    issn       = {0265-8135},
    journal    = {Environment and Planning B: Planning and Design},
    number     = {5},
    pages      = {705--726},
    publisher  = {SAGE PublicationsSage UK: London, England},
    title      = {{The network analysis of urban streets : a primal approach}},
    volume     = {33},
    year       = {2006},
    bdsk-url-1 = {https://doi.org/10.1068/b32045}
}
@inproceedings{Quercia2015Digital,
    title     = {The digital life of walkable streets},
    author    = {Quercia, Daniele and Aiello, Luca Maria and Schifanella, Rossano and Davies, Adam},
    booktitle = {Proceedings of the 24th international conference on World Wide Web},
    pages     = {875--884},
    year      = {2015}
}
@article{Rinner2007Geographic,
    title     = {A geographic visualization approach to multi-criteria evaluation of urban quality of life},
    author    = {Rinner, Claus},
    journal   = {International Journal of Geographical Information Science},
    volume    = {21},
    number    = {8},
    pages     = {907--919},
    year      = {2007},
    publisher = {Taylor \& Francis}
}
@article{Roback1982Wages,
    title     = {Wages, rents, and the quality of life},
    author    = {Roback, Jennifer},
    journal   = {Journal of political Economy},
    volume    = {90},
    number    = {6},
    pages     = {1257--1278},
    year      = {1982},
    publisher = {The University of Chicago Press}
}
@article{Rogers2011Examining,
    title     = {Examining walkability and social capital as indicators of quality of life at the municipal and neighborhood scales},
    author    = {Rogers, Shannon H and Halstead, John M and Gardner, Kevin H and Carlson, Cynthia H},
    journal   = {Applied Research in Quality of Life},
    volume    = {6},
    number    = {2},
    pages     = {201--213},
    year      = {2011},
    publisher = {Springer}
}
@article{Rosow1961Social,
    title     = {The social effects of the physical environment},
    author    = {Rosow, Irving},
    journal   = {Journal of the American Institute of Planners},
    volume    = {27},
    number    = {2},
    pages     = {127--133},
    year      = {1961},
    publisher = {Taylor \& Francis}
}
@article{Santos2007Monitoring,
    title     = {Monitoring urban quality of life: The Porto experience},
    author    = {Santos, Luis Delfim and Martins, Isabel},
    journal   = {Social Indicators Research},
    volume    = {80},
    number    = {2},
    pages     = {411--425},
    year      = {2007},
    publisher = {Springer}
}
@article{Shamsuddin2012Walkable,
    title     = {Walkable environment in increasing the liveability of a city},
    author    = {Shamsuddin, Shuhana and Hassan, Nur Rasyiqah Abu and Bilyamin, Siti Fatimah Ilani},
    journal   = {Procedia-Social and Behavioral Sciences},
    volume    = {50},
    pages     = {167--178},
    year      = {2012},
    publisher = {Elsevier}
}
@article{Silva2018Investigating,
    title     = {Investigating the relationships between the built environment, the climate, walkability and physical activity in the Arabian Peninsula: The case of Bahrain},
    author    = {Silva, Joao Pinelo and Akleh, Aamal Z},
    journal   = {Cogent Social Sciences},
    volume    = {4},
    number    = {1},
    pages     = {1502907},
    year      = {2018},
    publisher = {Cogent OA}
}
@article{Southworth2005Designing,
    title     = {Designing the walkable city},
    author    = {Southworth, Michael},
    journal   = {Journal of urban planning and development},
    volume    = {131},
    number    = {4},
    pages     = {246--257},
    year      = {2005},
    publisher = {American Society of Civil Engineers}
}
@book{Speck2012Walkability,
    author    = {Speck, Jeff},
    title     = {Walkable City: How Downtown Can Save America, One Step at a Time},
    year      = {2012},
    address   = {New York, New York, USA},
    isbn      = {0374285810},
    publisher = {Farrar, Straus and Giroux}
}
@book{Stephen2014Sustainable,
    author    = {Wheeler, Stephen M. and Beatley, Timothy},
    title     = {Sustainable urban development reader},
    year      = {2014},
    address   = {UK},
    isbn      = {9780415707763},
    publisher = {Routledge}
}
@article{Strano2012Evolution,
author     = {Strano, Emanuele and Nicosia, Vincenzo and Latora, Vito and Porta, Sergio and Barth{\'{e}}lemy, Marc},
doi        = {10.1038/srep00296},
issn       = {20452322},
journal    = {Scientific Reports},
number     = {1},
pages      = {296},
publisher  = {Nature Publishing Group},
title      = {{Elementary processes governing the evolution of road networks}},
url        = {http://www.nature.com/articles/srep00296},
volume     = {2},
year       = {2012},
bdsk-url-1 = {http://www.nature.com/articles/srep00296},
bdsk-url-2 = {https://doi.org/10.1038/srep00296}
}
@article{Szell2018Crowdsourced,
    author     = {Szell, Michael},
    doi        = {10.17645/up.v3i1.1209},
    journal    = {Urban Planning},
    number     = {1},
    pages      = {1},
    title      = {{Crowdsourced Quantification and Visualization of Urban Mobility Space Inequality}},
    volume     = {3},
    year       = {2018},
    bdsk-url-1 = {https://doi.org/10.17645/up.v3i1.1209}
}
@article{Talen2002Pedestrian,
    title     = {Pedestrian access as a measure of urban quality},
    author    = {Talen, Emily},
    journal   = {Planning Practice and Research},
    volume    = {17},
    number    = {3},
    pages     = {257--278},
    year      = {2002},
    publisher = {Taylor \& Francis Group}
}