@article{aldred2018cycling,
  author        = {Aldred, Rachel and Goodman, Anna and Gulliver, John and Woodcock, James},
  date-added    = {2020-02-24 11:48:56 +0100},
  date-modified = {2020-02-24 11:48:56 +0100},
  journal       = {Accident Analysis \& Prevention},
  pages         = {75--84},
  publisher     = {Elsevier},
  title         = {Cycling injury risk in London: A case-control study exploring the impact of cycle volumes, motor vehicle volumes, and road characteristics including speed limits},
  volume        = {117},
  year          = {2018}
}

@article{Aleta2017Multilayer,
  author     = {Aleta, Alberto and Meloni, Sandro and Moreno, Yamir},
  doi        = {10.1038/srep44359},
  issn       = {20452322},
  journal    = {Scientific Reports},
  title      = {{A Multilayer perspective for the analysis of urban transportation systems}},
  url        = {https://www.nature.com/articles/srep44359.pdf},
  volume     = {7},
  year       = {2017},
  bdsk-url-1 = {https://www.nature.com/articles/srep44359.pdf},
  bdsk-url-2 = {https://doi.org/10.1038/srep44359}
}

@article{Barbosa-Filho2017Models,
  author     = {Barbosa-Filho, Hugo and Barthelemy, Marc and Ghoshal, Gourab and James, Charlotte R. and Lenormand, Maxime and Louail, Thomas and Menezes, Ronaldo and Ramasco, Jos{\'{e}} J. and Simini, Filippo and Tomasini, Marcello},
  title      = {{Human Mobility: Models and Applications}},
  url        = {https://arxiv.org/pdf/1710.00004.pdf http://arxiv.org/abs/ 1710.00004},
  year       = {2017},
  bdsk-url-1 = {https://arxiv.org/pdf/1710.00004.pdf%20http://arxiv.org/abs/%201710.00004}
}

@article{Barthelemy2013Evolution,
  author     = {Barthelemy, Marc and Bordin, Patricia and Berestycki, Henri and Gribaudi, Maurizio},
  doi        = {10.1038/srep02153},
  isbn       = {2045-2322},
  issn       = {20452322},
  journal    = {Scientific Reports},
  number     = {1},
  pages      = {2153},
  title      = {{Self-organization versus top-down planning in the evolution of a city}},
  url        = {http://www.nature.com/articles/srep02153},
  volume     = {3},
  year       = {2013},
  bdsk-url-1 = {http://www.nature.com/articles/srep02153},
  bdsk-url-2 = {https://doi.org/10.1038/srep02153}
}
@article{Battiston2014Structural,
  author     = {Battiston, Federico and Nicosia, Vincenzo and Latora, Vito},
  doi        = {10.1103/PhysRevE.89.032804},
  issn       = {15502376},
  journal    = {Physical Review E - Statistical, Nonlinear, and Soft Matter Physics},
  number     = {3},
  pages      = {1--16},
  title      = {{Structural measures for multiplex networks}},
  volume     = {89},
  year       = {2014},
  bdsk-url-1 = {https://doi.org/10.1103/PhysRevE.89.032804}
}

@article{Battiston2017Challenges,
  author     = {Battiston, Federico and Nicosia, Vincenzo and Latora, Vito},
  doi        = {10.1140/epjst/e2016-60274-8},
  issn       = {19516401},
  journal    = {European Physical Journal: Special Topics},
  number     = {3},
  pages      = {401--416},
  publisher  = {Springer Berlin Heidelberg},
  title      = {{The new challenges of multiplex networks: Measures and models}},
  url        = {http://link.springer.com/10.1140/epjst/e2016-60274-8},
  volume     = {226},
  year       = {2017},
  bdsk-url-1 = {http://link.springer.com/10.1140/epjst/e2016-60274-8},
  bdsk-url-2 = {https://doi.org/10.1140/epjst/e2016-60274-8}
}

@misc{Boccaletti2014Structure,
  author     = {Boccaletti, S and Bianconi, G and Criado, R and del Genio, C I and G{\'{o}}mez-Garde{\~{n}}es, J. and Romance, M and Sendi{\~{n}}a-Nadal, I. and Wang, Z and Zanin, M},
  booktitle  = {Physics Reports},
  doi        = {10.1016/j.physrep.2014.07.001},
  isbn       = {0370-1573},
  issn       = {03701573},
  number     = {1},
  pages      = {1--122},
  title      = {{The structure and dynamics of multilayer networks}},
  url        = {https://arxiv.org/pdf/1407.0742.pdf},
  volume     = {544},
  year       = {2014},
  bdsk-url-1 = {https://arxiv.org/pdf/1407.0742.pdf},
  bdsk-url-2 = {https://doi.org/10.1016/j.physrep.2014.07.001}
}

@article{Boeing2017OSMNX,
  author     = {Boeing, Geoff},
  doi        = {10.1016/j.compenvurbsys.2017.05.004},
  issn       = {01989715},
  journal    = {Computers, Environment and Urban Systems},
  pages      = {126--139},
  publisher  = {Elsevier Ltd},
  title      = {{OSMnx: New methods for acquiring, constructing, analyzing, and visualizing complex street networks}},
  volume     = {65},
  year       = {2017},
  bdsk-url-1 = {https://doi.org/10.1016/j.compenvurbsys.2017.05.004}
}

@article{carstensen2015spatio,
  author        = {Carstensen, Trine Agervig and Olafsson, Anton Stahl and Bech, Nynne Marie and Poulsen, Thea Schmidt and Zhao, Chunli},
  date-added    = {2020-02-24 13:54:59 +0100},
  date-modified = {2020-02-24 13:54:59 +0100},
  journal       = {Geografisk Tidsskrift-Danish Journal of Geography},
  number        = {2},
  pages         = {142--156},
  publisher     = {Taylor \& Francis},
  title         = {The spatio-temporal development of Copenhagen's bicycle infrastructure 1912--2013},
  volume        = {115},
  year          = {2015}
}

@article{DeDomenico2014Navigability,
  author    = {{De Domenico}, Manlio and Sol{\'{e}}-Ribalta, Albert and G{\'{o}}mez, Sergio and Arenas, Alex},
  doi       = {10.1073/pnas.1318469111},
  journal   = {Proceedings of the National Academy of Sciences},
  number    = {23},
  pages     = {8351--8356},
  publisher = {National Academy of Sciences},
  title     = {{Navigability of interconnected networks under random failures}},
  volume    = {111},
  year      = {2014}
}

@article{Ferster2019Bicycle,
  author     = {Ferster, Colin and Fischer, Jaimy and Manaugh, Kevin and Nelson, Trisalyn and Winters, Meghan},
  doi        = {10.1080/15568318.2018.1519746},
  issn       = {15568334},
  journal    = {International Journal of Sustainable Transportation},
  pages      = {1--10},
  publisher  = {Taylor {\&} Francis},
  title      = {{Using OpenStreetMap to inventory bicycle infrastructure: A comparison with open data from cities}},
  url        = {https://www.tandfonline.com/doi/full/10.1080/ 15568318.2018.1519746 https://doi.org/10.1080/ 15568318.2018.1519746},
  year       = {2019},
  bdsk-url-1 = {https://www.tandfonline.com/doi/full/10.1080/%2015568318.2018.1519746%20https://doi.org/10.1080/%2015568318.2018.1519746},
  bdsk-url-2 = {https://doi.org/10.1080/15568318.2018.1519746}
}

@article{Gallotti2014Efficiency,
  author     = {Gallotti, Riccardo and Barthelemy, Marc},
  doi        = {10.1038/srep06911},
  isbn       = {2045-2322 (Electronic)$\backslash$r2045-2322 (Linking)},
  issn       = {20452322},
  journal    = {Scientific Reports},
  number     = {1},
  pages      = {6911},
  publisher  = {Nature Publishing Group},
  title      = {{Anatomy and efficiency of urban multimodal mobility}},
  url        = {http://www.nature.com/articles/srep06911},
  volume     = {4},
  year       = {2014},
  bdsk-url-1 = {http://www.nature.com/articles/srep06911},
  bdsk-url-2 = {https://doi.org/10.1038/srep06911}
}

@article{Girres2010Quality,
  author     = {Girres, Jean Fran{\c{c}}ois and Touya, Guillaume},
  doi        = {10.1111/j.1467-9671.2010.01203.x},
  issn       = {13611682},
  journal    = {Transactions in GIS},
  number     = {4},
  pages      = {435--459},
  publisher  = {John Wiley {\&} Sons, Ltd (10.1111)},
  title      = {{Quality Assessment of the French OpenStreetMap Dataset}},
  url        = {http://doi.wiley.com/10.1111/j.1467-9671.2010.01203.x},
  volume     = {14},
  year       = {2010},
  bdsk-url-1 = {http://doi.wiley.com/10.1111/j.1467-9671.2010.01203.x},
  bdsk-url-2 = {https://doi.org/10.1111/j.1467-9671.2010.01203.x}
}

@book{global2016global,
  author        = {Global Designing Cities Initiative and National Association of City Transportation Officials},
  date-added    = {2020-02-24 13:20:07 +0100},
  date-modified = {2020-02-24 13:20:07 +0100},
  publisher     = {Island Press},
  title         = {Global street design guide},
  year          = {2016}
}

@article{Gossling2016Distribution,
  author     = {G{\"{o}}ssling, Stefan and Schr{\"{o}}der, Marcel and Sp{\"{a}}th, Philipp and Freytag, Tim},
  doi        = {10.1080/01441647.2016.1147101},
  issn       = {14645327},
  journal    = {Transport Reviews},
  number     = {5},
  pages      = {659--679},
  publisher  = {Routledge},
  title      = {{Urban Space Distribution and Sustainable Transport}},
  url        = {http://www.tandfonline.com/doi/full/10.1080/ 01441647.2016.1147101},
  volume     = {36},
  year       = {2016},
  bdsk-url-1 = {http://www.tandfonline.com/doi/full/10.1080/%2001441647.2016.1147101},
  bdsk-url-2 = {https://doi.org/10.1080/01441647.2016.1147101}
}

@article{gossling2019social,
  author        = {G{\"o}ssling, Stefan and Choi, Andy and Dekker, Kaely and Metzler, Daniel},
  date-added    = {2020-02-24 13:02:52 +0100},
  date-modified = {2020-02-24 13:02:52 +0100},
  journal       = {Ecological economics},
  pages         = {65--74},
  publisher     = {Elsevier},
  title         = {The social cost of automobility, cycling and walking in the European Union},
  volume        = {158},
  year          = {2019}
}

@article{gossling2020cities,
  author        = {G{\"o}ssling, Stefan},
  date-added    = {2020-02-24 13:09:45 +0100},
  date-modified = {2020-02-24 13:09:45 +0100},
  journal       = {Journal of Urban Design},
  pages         = {1--6},
  publisher     = {Taylor \& Francis},
  title         = {Why cities need to take road space from cars-and how this could be done},
  year          = {2020}
}

@article{Haklay2010OpenStreetMap,
  author     = {Haklay, Mordechai},
  doi        = {10.1068/b35097},
  isbn       = {0265-8135},
  issn       = {14723417},
  journal    = {Environment and Planning B: Planning and Design},
  number     = {4},
  pages      = {682--703},
  title      = {{How good is volunteered geographical information? A comparative study of OpenStreetMap and ordnance survey datasets}},
  url        = {http://journals.sagepub.com/doi/pdf/10.1068/b35097},
  volume     = {37},
  year       = {2010},
  bdsk-url-1 = {http://journals.sagepub.com/doi/pdf/10.1068/b35097},
  bdsk-url-2 = {https://doi.org/10.1068/b35097}
}

@book{Jacobs1961Death,
  address   = {New York, New York, USA},
  author    = {Jacobs, Jane},
  isbn      = {9780394421599},
  pages     = {458},
  publisher = {Random House},
  title     = {{The death and life of great American cities}},
  year      = {1961}
}

@article{Kivela2014Multilayer,
  author     = {Kivel{\"{a}}, Mikko and Arenas, Alex and Barthelemy, Marc and Gleeson, James P and Moreno, Yamir and Porter, Mason A.},
  doi        = {10.1093/comnet/cnu016},
  isbn       = {2051-1310},
  issn       = {20511329},
  journal    = {Journal of Complex Networks},
  number     = {3},
  pages      = {203--271},
  publisher  = {Oxford University Press},
  title      = {{Multilayer networks}},
  url        = {https://academic.oup.com/comnet/article-lookup/doi/10.1093/ comnet/cnu016},
  volume     = {2},
  year       = {2014},
  bdsk-url-1 = {https://academic.oup.com/comnet/article-lookup/doi/10.1093/%20comnet/cnu016},
  bdsk-url-2 = {https://doi.org/10.1093/comnet/cnu016}
}

@article{Lee2017Morphology,
  author     = {Lee, Minjin and Barbosa-Filho, Hugo and Youn, Hyejin and Holme, Petter and Ghoshal, Gourab},
  doi        = {10.1038/s41467-017-02374-7},
  issn       = {20411723},
  journal    = {Nature Communications},
  number     = {1},
  pages      = {2229},
  publisher  = {Nature Publishing Group},
  title      = {{Morphology of travel routes and the organization of cities}},
  url        = {http://www.nature.com/articles/s41467-017-02374-7},
  volume     = {8},
  year       = {2017},
  bdsk-url-1 = {http://www.nature.com/articles/s41467-017-02374-7},
  bdsk-url-2 = {https://doi.org/10.1038/s41467-017-02374-7}
}

@article{Louf2014Typology,
  author     = {Louf, R{\'{e}}mi and Barthelemy, Marc},
  doi        = {10.1098/rsif.2014.0924},
  isbn       = {1742-5689},
  issn       = {1742-5662},
  journal    = {Journal of the Royal Society, Interface / the Royal Society},
  number     = {101},
  pages      = {20140924},
  title      = {{A typology of street patterns.}},
  url        = {http://dx.doi.org/10.1098/rsif.2014.0924 http:// www.ncbi.nlm.nih.gov/pubmed/25297318{\%}5Cnhttp:// www.pubmedcentral.nih.gov/articlerender.fcgi? artid=PMC4223914},
  volume     = {11},
  year       = {2014},
  bdsk-url-1 = {http://dx.doi.org/10.1098/rsif.2014.0924}
}

@article{Morris2012Transport,
  author     = {Morris, R. G. and Barthelemy, M.},
  doi        = {10.1103/PhysRevLett.109.128703},
  issn       = {00319007},
  journal    = {Physical Review Letters},
  number     = {12},
  pages      = {128703},
  publisher  = {American Physical Society},
  title      = {{Transport on coupled spatial networks}},
  url        = {https://link.aps.org/doi/10.1103/PhysRevLett.109.128703},
  volume     = {109},
  year       = {2012},
  bdsk-url-1 = {https://link.aps.org/doi/10.1103/PhysRevLett.109.128703},
  bdsk-url-2 = {https://doi.org/10.1103/PhysRevLett.109.128703}
}

@article{Porta2006Primal,
  author     = {Porta, Sergio and Crucitti, Paolo and Latora, Vito},
  doi        = {10.1068/b32045},
  issn       = {0265-8135},
  journal    = {Environment and Planning B: Planning and Design},
  number     = {5},
  pages      = {705--726},
  publisher  = {SAGE PublicationsSage UK: London, England},
  title      = {{The network analysis of urban streets : a primal approach}},
  volume     = {33},
  year       = {2006},
  bdsk-url-1 = {https://doi.org/10.1068/b32045}
}

@book{Rodrigue2013Geography,
  author     = {Rodrigue, Jean-Paul and Comtois, Claude and Slack, Brian},
  booktitle  = {The Geography of Transport Systems},
  doi        = {10.1080/10630732.2011.603579},
  isbn       = {0203884159},
  issn       = {1063-0732},
  pages      = {432 pages},
  publisher  = {Routledge},
  title      = {{The Geography of Transport Systems (Third Edition)}},
  url        = {https://www.routledge.com/The-Geography-of-Transport- Systems-4th-Edition/Rodrigue-Comtois-Slack/p/book/ 9781138669574},
  year       = {2013},
  bdsk-url-1 = {https://www.routledge.com/The-Geography-of-Transport-%20Systems-4th-Edition/Rodrigue-Comtois-Slack/p/book/%209781138669574},
  bdsk-url-2 = {https://doi.org/10.1080/10630732.2011.603579}
}

@article{Strano2012Evolution,
  author     = {Strano, Emanuele and Nicosia, Vincenzo and Latora, Vito and Porta, Sergio and Barth{\'{e}}lemy, Marc},
  doi        = {10.1038/srep00296},
  issn       = {20452322},
  journal    = {Scientific Reports},
  number     = {1},
  pages      = {296},
  publisher  = {Nature Publishing Group},
  title      = {{Elementary processes governing the evolution of road networks}},
  url        = {http://www.nature.com/articles/srep00296},
  volume     = {2},
  year       = {2012},
  bdsk-url-1 = {http://www.nature.com/articles/srep00296},
  bdsk-url-2 = {https://doi.org/10.1038/srep00296}
}

@article{Strano2015Features,
  author     = {Strano, Emanuele and Shai, Saray and Dobson, Simon and Barthelemy, Marc},
  doi        = {10.1098/rsif.2015.0651},
  issn       = {1742-5689},
  journal    = {Journal of the Royal Society, Interface},
  number     = {111},
  pages      = {20150651},
  publisher  = {The Royal Society},
  title      = {{Multiplex networks in metropolitan areas: generic features and local effects}},
  volume     = {12},
  year       = {2015},
  bdsk-url-1 = {https://doi.org/10.1098/rsif.2015.0651}
}

@article{Szell2018Crowdsourced,
  author     = {Szell, Michael},
  doi        = {10.17645/up.v3i1.1209},
  journal    = {Urban Planning},
  number     = {1},
  pages      = {1},
  title      = {{Crowdsourced Quantification and Visualization of Urban Mobility Space Inequality}},
  volume     = {3},
  year       = {2018},
  bdsk-url-1 = {https://doi.org/10.17645/up.v3i1.1209}
}
@article{zhao2018bicycle,
  author        = {Zhao, Chunli and Carstensen, Trine Agervig and Nielsen, Thomas Alexander Sick and Olafsson, Anton Stahl},
  date-added    = {2020-02-24 13:56:48 +0100},
  date-modified = {2020-02-24 13:56:48 +0100},
  journal       = {Journal of transport geography},
  pages         = {149--159},
  publisher     = {Elsevier},
  title         = {Bicycle-friendly infrastructure planning in Beijing and Copenhagen-between adapting design solutions and learning local planning cultures},
  volume        = {68},
  year          = {2018}
}
